%-------------Network Visualization References-------------
@CONFERENCE{BonWanSta98,
  author = {A. Bonsall and D. Wang and D. D. Stancil},
  title = {Propagation Model Embedded in a Wireless Network Simulator},
  booktitle = {Proceedings of 3rd Annual Wireless Communications Conference},
  year = {1998},
  month = {Nov}
}

@INPROCEEDINGS{LuiPerNic01,
    author = {Jason Liu and L. Felipe Perrone and David M. Nicol and Michael Liljenstam and Chip Elliott and David Pearson},
    title = {Simulation Modeling of Large-Scale Ad-hoc Sensor Networks},
    booktitle = {In European Simulation Interoperability Workshop},
    year = {2001}
}

@CONFERENCE{DzaTraFil07,
	AUTHOR       = "Aleksander Dzambaski and Dimitar Trajanov and Sonja Filiposka and Aksenti Grnarov",
	TITLE        = "Ad Hoc Network Simulations with Real 3D Terrain",
	BOOKTITLE    = "15th Telecommunications forum TELFOR",
	YEAR         = "2007",
	ORGANIZATION = "IEEE",
	ADDRESS      = "Serbia, Belgrade",
	MONTH        = "Nov"
}

@ARTICLE{WuChoQia05,
	AUTHOR       = "Y. Wu and P.A. Chou and Qian Zhang and K. Jain and Wenwu Zhu and Sun-Yuan Kung",
	TITLE        = "Network Planning in Wireless Ad Hoc Networks: A Cross-Layer Approach",
	JOURNAL      = "IEEE Journal on Selected Areas in Communications",
	YEAR         = "2005",
	VOLUME       = "23",
	NUMBER       = "1",
	PAGES        = "136-150",
	MONTH        = "Jan"
}

@TECHREPORT{DhoVoGue03,
	AUTHOR       = "D. Dhoutaut and Q. Vo and I. Guerin Lassous",
	TITLE        = "Global Visualization of Experiments in Ad Hoc
Networks",
	INSTITUTION  = "INRIA Rhone-Alpes Research Unit",
	YEAR         = "2003",
	TYPE         = "Tech. Rep.",
	NUMBER       = "4933",
	ADDRESS      = "Montbonnot-St-Martin, France"
}

@article{Bettsetetter04,
	author = {Bettstetter, Christian},
	journal = {The Computer Journal},
	month = {April},
	number = {4},
	pages = {432-447},
	title = {On the Connectivity of Ad Hoc Networks},
	volume = {47},
	year = {2004}
}

@inproceedings{HamWij04,
	author = {F. van Ham and J.J. van Wijk},
	booktitle = {Information Visualization, 2004. INFOVIS 2004. IEEE Symposium on},
	journal = {Information Visualization, 2004. INFOVIS 2004. IEEE Symposium on},
	pages = {199--206},
	title = {Interactive Visualization of Small World Graphs},
	year = {2004}
}

@article{BecEicWil95,
 author = {Becker, Richard A. and Eick, Stephen G. and Wilks, Allan R.},
 title = {Visualizing Network Data},
 journal = {IEEE Transactions on Visualization and Computer Graphics},
 volume = {1},
 number = {1},
 year = {1995},
 pages = {16--28},
 publisher = {IEEE Educational Activities Department},
 address = {Piscataway, NJ, USA},
 }

@article{HerMelMar00,
	author = {Herman, I.  and Melancon, G.  and Marshall, M. S. },
	journal = {Visualization and Computer Graphics, IEEE Transactions on},
	number = {1},
	pages = {24--43},
	title = {Graph visualization and navigation in information visualization: A survey},
	volume = {6},
	year = {2000}
}

@MISC{FitSeeRei04,
    author = {Frank H. P. Fitzek and P. Seeling and M. Reisslein and R. Rugin and M. Zorzi},
    title = {A Visualisation Tool for Ad Hoc Networks - ViTAN},
    year = {2004}
}

@inproceedings{MatBieLau05,
 author = {Matthes, Michael and Biehl, Holger and Lauer, Michael and Drobnik, Oswald},
 title = {MASSIVE: An Emulation Environment for Mobile Ad-Hoc Networks},
 booktitle = {WONS '05: Proceedings of the Second Annual Conference on Wireless On-demand Network Systems and Services},
 year = {2005},
 pages = {54-59},
 publisher = {IEEE Computer Society},
 address = {Washington, DC, USA},
 }

@article{EstHanHei00,
	author = {Deborah Estrin and Mark Handley and John Heidemann and Steven McCanne and Ya Xu and Haobo Yu},
	title = {Network Visualization with Nam, the VINT Network Animator},
	journal ={Computer},
	volume = {33},
	number = {11},
	year = {2000},
	pages = {63-68},
	publisher = {IEEE Computer Society},
	address = {Los Alamitos, CA, USA}
}

@article{EllGanKou01,
	address = {Vienna, Austria},
	author = {Ellson, John   and Gansner, Emden  R.  and Koutsofios, Eleftherios   and North, Stephen  C.  and Woodhull, Gordon  },
	citeulike-article-id = {2716274},
	journal = {Graph Drawing},
	pages = {483--484},
	title = {Graphviz - Open Source Graph Drawing Tools},
	year = {2001}
}

	



%------------------Nvidia CUDA References------------------
@TECHREPORT{Nvidia08,
	AUTHOR       = "Nvidia",
	TITLE        = "Nvidia CUDA Programming Guide",
	INSTITUTION  = "Nvidia Corporation",
	YEAR         = "2008"
}


%-------------Cognitive Networking References--------------
@INPROCEEDINGS{QinQil07, 
	title={Performance Analysis of Energy Detection for Cognitive RadioWireless Networks}, 
	author={Qingchun Ren and Qilian Liang}, 
	journal={Wireless Algorithms, Systems and Applications, 2007. WASA 2007. International Conference on}, 
	year={2007}, 
	month={Aug.}, 
	pages={139-146}
}


@BOOK{Pace03,
	AUTHOR       = "Phillip E. Pace",
	TITLE        = "Detecting and Classifying Low Probability of Intercept Radar",
	PUBLISHER    = "Artech House",
	YEAR         = "2003",
	MONTH        = "October"
}

@MASTERSTHESIS{Costa96,
	AUTHOR       = "Evandro Luiz da Costa",
	TITLE        = "Detection and Identification of Cyclostationary Signals",
	SCHOOL       = "Naval PostGraduate School",
	YEAR         = "1996",
	MONTH        = "March"
}

@article{RobBroLoo91,
  author    = {R. S. Roberts and W. A. Brown and H. H. Loomis, Jr.},
  title     = {Computationally Efficient Algorithms for Cyclic Spectral Analysis},
  journal   = {IEEE Signal Processing Magazine},
  volume    = {8},
  number    = {2},
  year      = {1991},
  pages     = {38-49},
}

@conference{FenChenWan08,
	author			= {F. Ge and Q. Chen and Y. Wang and C.W. Bostian and T.W. Rondeau and B. Le},
	title				= {Cognitive Radio: From Spectrum Sharing to Adaptive Learning and Reconfiguration},
	booktitle		= {Aerospace Conference},
	pages				= {1-10},
	year				= {2008},
	organization	= {IEEE}
}

@conference{QuaCuiSay08,
	author 			= {Z. Quan and S. Cui and A.H. Sayed and H.V. Poor},
	title 			= {Wideband Spectrum Sensing in Cognitive Radio Networks},
	booktitle 		= {International Conference on Communications},
	pages				= {901-906},
	year				= {2008},
	organization	= {IEEE}
}

@inproceedings{CabTkaBro06,
	author			= {D. Cabric and A. Tkachenko and R.W. Brodersen},
	title				= {Experimental Study of Spectrum Sensing Based on Energy Detection and Network Cooperation},
	booktitle		= {Proc. 1st International Workshop on Technology},
	year				= {2006},
	publisher		= {ACM}
}

@conference{HurParWoo06,
	author		= {Y. Hur and J. Park and W. Woo and K. Lim and C.H. Lee and H.S. Kim and J. Laskar},
	title			= {A Wideband Analog Multi-Resolution Spectrum Sensing (MRSS) Technique for Cognitive Radio (CR) Systems},
	booktitle	= {IEEE ISCAS},
	year			= {2006}
}

@conference{ParHurSon06,
	author		= {J. Park and Y. Hur and T.J. Song and K. Kim and J. Lee and K. Lim and C.H. Lee and H.S. Kim and J. Laskar},
	title			= {Implementation Issues of A Wideband Multi-Resolution Spectrum Sensing (MRSS) Technique for Cognitive Radio (CR) Systems},
	booktitle	= {International Conference on Cognitive Radio Oriented Wireless Networks and Communications},
	year			= {2006},
	pages			= {1-5}
}


%-------------Graph Simplification References--------------
@article{Qiu-Hancock07,
  author    = {H. Qiu and E.R. Hancock},
  title     = {Graph simplification and matching using commute times},
  journal   = {Pattern Recognition},
  volume    = {40},
  number    = {10},
  year      = {2007},
  pages     = {2874-2889},
}

@article{Qiu-Hancock04,
  author    = {Huaijun Qiu and
               Edwin R. Hancock},
  title     = {Spectral Simplification of Graphs},
  journal   = {Lecture Notes in Computer Science},
  volume    = {4},
  year      = {2004},
  pages     = {114-126}
}

@article{Rizzi98,
  author    = {S. Rizzi},
  title     = {A Genetic Approach to Hierarchical Clustering of Euclidean Graphs},
  journal   = {Pattern Recognition},
  volume    = {2},
  year      = {1998},
  pages     = {1543-1545}
}

@inproceedings{Ban-Sen03,
 author = {T.R. Ban and D. Sen},
 title = {Graph Based Topological Analysis of Tessellated Surfaces},
 booktitle = {Proc. Eighth ACM Symposium on Solid Modeling and Applications},
 year = {2003},
 pages = {274-279}
}

@article{KaoOccTen98,
  author    = {M.Y. Kao and N. Occhiogrosso and S.-H. Teng},
  title     = {Simple and Efficient Graph Compression Schemes for Dense and Complement Graphs},
  journal   = {Journal of Combinatorial Optimization},
  volume    = {2},
  number    = {4},
  year      = {1998},
  pages     = {351-359}
}

@article{LiuHarJohJam03,
  author = {Y. Liu and M.P. Harper and M.T. Johnson and L.H. Jamieson},
  title = {The Effect of Pruning and Compression on Graphical Representations of the Output of a Speech Recognizer},
  journal = {Computer Speech and Language},
  volume = {17},
  number = {4},
  year = {2003},
  pages = {329-356}
}

@inproceedings{suel01compressing,
    author = {T. Suel and J. Yuan},
    title = {Compressing the Graph Structure of the Web},
    booktitle = {Proc. Data Compression Conference},
    pages = {213-222},
    year = {2001},
}

@article{Feder-Motwani95,
  author = {T. Feder and R. Motwani},
  title = {Clique Partitions, Graph Compression, and Speeding-up Algorithms},
  journal = {Journal of Computer and System Sciences},
  volume = {51},
  number = {2},
  year = {1995},
  pages = {261-272}
}

@ARTICLE{Frishman-Tal07,
	AUTHOR = {Y. Frishman and A. Tal},
	TITLE = {Multi-Level Graph Layout on the {GPU}},
	JOURNAL = {Transactions on Visualization and Computer Graphics},
	VOLUME = {13},
	NUMBER = {6},
	MONTH = nov,
	YEAR = {2007},
	PAGES = {1310,1319},
 }

@INPROCEEDINGS{Gilbert-Levchenko04,
	AUTHOR = {A.C. Gilbert and K. Levchenko},
	TITLE = {Compressing Network Graphs},
	BOOKTITLE = {Proc. LinkKDD 04},
	YEAR = {2004}
}

@ARTICLE{Walshaw03,
	AUTHOR = {C. Walshaw},
	TITLE = {A Multi-Level Algorithm for Force-Directed Graph Drawing},
	JOURNAL = {Journal for Graph Algorithms and Applications},
	VOLUME = {7},
	NUMBER = {3},
	YEAR = {2003},
	PAGES = {253-285}
}

@ARTICLE{Chen06,
	AUTHOR = {C. Chen},
	TITLE = {CiteSpace {II}: Detecting and Visualizing Emerging Trends and Transient Patterns in Scientific Literature},
	JOURNAL = {Journal of the American Society for Imformation},
	VOLUME = {57},
	NUMBER = {3},
	YEAR = {2006},
	PAGES = {359-377}
}

@ARTICLE{DemGulYen05,
	AUTHOR = {C. Demir and S.H. Gultekin and B. Yener},
	TITLE = {Augmented Cell-graphs for Automated Cancer Diagnosis},
	JOURNAL = {BIOINFORMATICS},
	VOLUME = {21},
	NUMBER = {2},
	YEAR = {2005},
	PAGES = {7-12}
}

@BOOK {Har69,
	AUTHOR = {F. Harary},
	TITLE = {Graph Theory},
	PUBLISHER = {Westview Press},
	YEAR = {1969}
}

@ARTICLE{Wei07,
	AUTHOR = {E.W. Weisstein},
	TITLE = {Graph Theory},
	JOURNAL = {MathWorld -- A Wolfram Web Resource},
	MONTH = oct,
	YEAR = {2007},
	URL = {\httpAddr{//mathworld.wolfram.com/GraphTheory.html}}
}

@TECHREPORT {Winik-Jamin02,
	AUTHOR = {J. Winik and S. Jamin},
	TITLE = {Inet 3.0: Internet Topology Generator},
	NUMBER = {CSE-TR-456-02},
	INSTITUTION = {University of Michigan},
	YEAR = {2002}
}

@MANUAL {Sathe07,
	AUTHOR = {S. Sathe},
	TITLE = {Python Web Graph Generator},
	YEAR = {2007},
	URL = {\httpAddr{//pywebgraph.sourceforge.net/}}
}
	
@BOOK{AMO:flows,
  author =      {Ravindra K. Ahuja and Thomas L. Magnanti and James B. Orlin},
  title =       {Network Flows : Theory, Algorithms, and Applications},
  publisher =   {Prentice Hall},
  address =     {Englewood Cliffs, NJ},
  year =        {1993}
}

@inproceedings{Fridman08,
    author = {A. Fridman and S. Weber and K.R. Dandekar and M. Kam},
    title = {Distributed multicommodity flow on ad hoc wireless networks of cognitive radios},
    booktitle = {Proc. 40th Annual Conference on Information Sciences and Systems},
    note = {to be published in March 2008},
	year = {2008}
}

@MANUAL {Graphviz,
  AUTHOR = {AT\&T Labs Research},
  TITLE = {Graphviz},
  URL = {\httpAddr{//graphviz.org/}}
}

@ARTICLE{Girvan-Newman02,
  AUTHOR = {M. Girvan and M.E.J Newman},
  TITLE = {Community Structure in Social and Biological Networks},
  JOURNAL = {PNAS},
  VOLUME = {99},
  NUMBER = {12},
  YEAR = {2002},
  PAGES = {7821-7826}
}

@ARTICLE{Rafiei-Curial05,
  AUTHOR = {Davood Rafiei and Stephen Curial},
  TITLE = {Effectively Visualizing Large Networks Through Sampling},
  JOURNAL = {16th IEEE Visualization 2005},
  YEAR = {2005},
  PAGES = {48}
}
